<record><leader>00000cas a2200000 a 4500</leader><controlfield tag="001">8296789</controlfield><controlfield tag="008">820331d19631990nyudr ne      0    0eng d</controlfield><controlfield tag="009">240</controlfield><datafield ind1=" " ind2=" " tag="010"><subfield code="a">sn 90066250 </subfield></datafield><datafield ind1=" " ind2=" " tag="040"><subfield code="a">ZLM</subfield><subfield code="b">eng</subfield><subfield code="c">ZLM</subfield><subfield code="d">NYS</subfield><subfield code="d">OCL</subfield><subfield code="d">OCLCQ</subfield></datafield><datafield ind1="1" ind2=" " tag="029"><subfield code="a">AU@</subfield><subfield code="b">000025864580</subfield></datafield><datafield ind1=" " ind2=" " tag="042"><subfield code="a">msc</subfield></datafield><datafield ind1="0" ind2=" " tag="130"><subfield code="a">Times herald record (Middletown, N.Y. : Late final ed.)</subfield></datafield><datafield ind1="0" ind2="4" tag="245"><subfield code="a">The times herald record.</subfield></datafield><datafield ind1="3" ind2="0" tag="246"><subfield code="a">Sunday record</subfield></datafield><datafield ind1=" " ind2=" " tag="250"><subfield code="a">Late final ed.</subfield></datafield><datafield ind1=" " ind2=" " tag="260"><subfield code="a">Middletown, N.Y. :</subfield><subfield code="b">Orange County Pub. Inc.,</subfield><subfield code="c">1963-1990.</subfield></datafield><datafield ind1=" " ind2=" " tag="300"><subfield code="a">v.</subfield></datafield><datafield ind1=" " ind2=" " tag="310"><subfield code="a">Daily,</subfield><subfield code="b">Sept. 21, 1969-Dec. 17, 1990</subfield></datafield><datafield ind1=" " ind2=" " tag="321"><subfield code="a">Daily (except Sunday),</subfield><subfield code="b">Mar. 18, 1963-Sept. 20, 1969</subfield></datafield><datafield ind1="0" ind2=" " tag="362"><subfield code="a">Vol. 7, no. 197 (Mar. 18, 1963)-v. 35, no. 139 (Dec. 17, 1990).</subfield></datafield><datafield ind1=" " ind2=" " tag="500"><subfield code="a">Published on Sunday as: Sunday record, Sept. 21, 1969-Dec. 17, 1990.</subfield></datafield><datafield ind1=" " ind2=" " tag="500"><subfield code="a">"Late final ed." is sometimes omitted from masthead.</subfield></datafield><datafield ind1=" " ind2=" " tag="580"><subfield code="a">Other editions avalaible: Times herald record (Middletown, N.Y. : Sullivan Ulster Tri-state ed.), &lt;June 4, 1968&gt;-Feb. 28, 1981; and: Times herald record (Middletown, N.Y. : Sullivan Co. ed.), Mar. 2, 1981-Dec. 17, 1990; and: Times herald record (Middletown, N.Y. : Ulster Co. ed.), Mar. 2, 1981-Dec. 17, 1990; and: Times herald record (Middletown, N.Y. : Newburgh-Hudson Valley ed.), &lt;June 27, 1968&gt;-Dec. 17, 1990.</subfield></datafield><datafield ind1=" " ind2="4" tag="651"><subfield code="a">Middletown (N.Y.)</subfield><subfield code="v">Newspapers.</subfield></datafield><datafield ind1=" " ind2=" " tag="752"><subfield code="a">United States</subfield><subfield code="b">New York</subfield><subfield code="c">Orange</subfield><subfield code="d">Middletown.</subfield></datafield><datafield ind1="1" ind2=" " tag="775"><subfield code="t">Times herald record (Middletown, N.Y. : Sullivan Ulster Tri-state ed.)</subfield><subfield code="w">(DLC)sn 90066254</subfield><subfield code="w">(OCoLC)22233682</subfield></datafield><datafield ind1="1" ind2=" " tag="775"><subfield code="t">Times herald record (Middletown, N.Y. : Sullivan Co. ed.)</subfield><subfield code="w">(DLC)sn 90066251</subfield><subfield code="w">(OCoLC)22233819</subfield></datafield><datafield ind1="1" ind2=" " tag="775"><subfield code="t">Times herald record (Middletown, N.Y. : Ulster Co. ed.)</subfield><subfield code="w">(DLC)sn 90066252</subfield><subfield code="w">(OCoLC)22233915</subfield></datafield><datafield ind1="1" ind2=" " tag="775"><subfield code="t">Times herald record (Middletown, N.Y. : Newburgh-Hudson Valley ed.)</subfield><subfield code="w">(DLC)sn 90066253</subfield><subfield code="w">(OCoLC)22234377</subfield></datafield><datafield ind1="0" ind2="0" tag="780"><subfield code="t">Middletown times herald record</subfield><subfield code="w">(DLC)sn 90066255</subfield><subfield code="w">(OCoLC)22174051</subfield></datafield><datafield ind1="0" ind2="6" tag="785"><subfield code="t">Times herald record (Middletown, N.Y. : Late final South ed.)</subfield><subfield code="w">(DLC)sn 91066580</subfield><subfield code="w">(OCoLC)23950982</subfield></datafield><datafield ind1="0" ind2="6" tag="785"><subfield code="t">Times herald record (Middletown, N.Y. : Late final North ed.)</subfield><subfield code="w">(DLC)sn 91066579</subfield><subfield code="w">(OCoLC)23951110</subfield></datafield></record>